%% This BibTeX bibliography file was created using BibDesk.
%% http://bibdesk.sourceforge.net/


%% Created for Carlisle Rainey at 2014-08-15 16:39:21 -0400 


%% Saved with string encoding Unicode (UTF-8) 



@article{AiNorton2003,
	Author = {Chunrong Ai and Edward C. Norton},
	Journal = {Economics Letters},
	Number = {1},
	Owner = {carlislerainey},
	Pages = {123-129},
	Timestamp = {2014.03.10},
	Title = {Interaction Terms in Logit and Probit Models},
	Volume = {80},
	Year = {2003}}

@article{BerryBerry1990,
	Author = {Frances Stokes Berry and William D. Berry},
	Journal = {American Political Science Review},
	Number = {2},
	Owner = {carlislerainey},
	Pages = {395-415},
	Timestamp = {2014.03.10},
	Title = {State Lottery Adoptions as Policy Innovations: An Event History Analysis},
	Volume = {84},
	Year = {1990}}

@article{BerryBerry1991,
	Author = {Frances S. Berry and William D. Berry},
	Journal = {American Political Science Review},
	Number = {2},
	Owner = {carlislerainey},
	Pages = {573-579},
	Timestamp = {2014.03.09},
	Title = {Specifying a Model of State Policy Innovation},
	Volume = {85},
	Year = {1991}}

@article{BerryDeMerittEsarey2010,
	Author = {William Berry and Jacqueline H. R. DeMeritt and Justin Esarey},
	Date-Added = {2011-02-18 10:30:28 -0500},
	Date-Modified = {2011-02-18 10:32:08 -0500},
	Journal = {American Journal of Political Science},
	Pages = {248-266},
	Title = {Testing for Interaction in Binary Logit and Probit Models: Is a Product Term Essential?},
	Volume = {54},
	Year = {2010}}

@article{BerryDeMerittEsarey2014,
	Author = {William Berry and Jacqueline H. R. DeMeritt and Justin Esarey},
	Journal = {American Journal of Political Science},
	Note = {Forthcoming.},
	Owner = {carlislerainey},
	Timestamp = {2014.02.17},
	Title = {Bias and Overconfidence in Parametric Models of Interactive Processes},
	Year = {2014}}

@article{BerryGolderMilton2012,
	Author = {William Berry and Matt Golder and Daniel Milton},
	Date-Added = {2011-11-15 13:08:22 -0500},
	Date-Modified = {2011-11-21 10:29:12 -0500},
	Journal = {Journal of Politics},
	Note = {Forthcoming.},
	Title = {Improving Tests of Theories Positing Interaction},
	Year = {2012}}

@article{Bowen2012,
	Author = {Harry P. Bowen},
	Journal = {Journal of Management},
	Number = {3},
	Owner = {carlislerainey},
	Pages = {860-889},
	Timestamp = {2014.03.10},
	Title = {Testing Moderating Hypotheses in Limited Dependent Variable and Other Nonlinear Models: Secondary Versus Total Interaction},
	Volume = {38},
	Year = {2012}}

@article{BramborClarkGolder2006,
	Author = {Thomas Brambor and William Roberts Clark and Matt Golder},
	Date-Added = {2009-11-20 15:05:15 -0500},
	Date-Modified = {2009-11-20 15:07:43 -0500},
	Journal = {Political Analysis},
	Keywords = {methodology},
	Pages = {63-82},
	Title = {Understanding Interaction Models: Improving Empirical Analyses},
	Volume = {14},
	Year = {2006}}

@article{Bremer1992,
	Author = {Stuart A. Bremer},
	Journal = {Journal of Conflict Resolution},
	Number = {2},
	Owner = {carlislerainey},
	Pages = {309-341},
	Timestamp = {2014.03.16},
	Title = {Dangerous Dyads: Conditions Affecting the Likelihood of Interstate War, 1816-1965},
	Volume = {36},
	Year = {1992}}

@article{ClarkGilliganGolder2006,
	Author = {William Roberts Clark and Michael J. Gilligan and Matt Golder},
	Journal = {Political Analysis},
	Number = {3},
	Owner = {carlislerainey},
	Pages = {311-331},
	Timestamp = {2014.03.09},
	Title = {A Simple Multivariate Test for Assymetric Hypotheses},
	Volume = {14},
	Year = {2006}}

@article{Diehl1991,
	Author = {Paul F. Diehl},
	Journal = {International Interactions},
	Number = {1},
	Owner = {carlislerainey},
	Pages = {11-27},
	Timestamp = {2014.03.16},
	Title = {Geography and War: A Review and Assessment of the Empirical Literature},
	Volume = {17},
	Year = {1991}}

@article{Frant1991,
	Author = {Howard Frant},
	Journal = {American Political Science Review},
	Number = {2},
	Owner = {carlislerainey},
	Pages = {571-573},
	Timestamp = {2014.03.09},
	Title = {Specifying a Model of State Policy Innovation},
	Volume = {85},
	Year = {1991}}

@article{Friedrich1982,
	Author = {Robert Friedrich},
	Date-Added = {2009-11-20 15:00:32 -0500},
	Date-Modified = {2009-11-20 15:02:14 -0500},
	Journal = {American Journal of Political Science},
	Keywords = {methodology},
	Pages = {797-833},
	Title = {In Defense of Mulitiplicative Terms in Multiple Regression Equations},
	Volume = {26},
	Year = {1982}}

@article{Greene2010,
	Author = {William Greene},
	Journal = {Economics Letters},
	Number = {2},
	Owner = {carlislerainey},
	Pages = {291-296},
	Timestamp = {2014.03.10},
	Title = {Testing Hypotheses About Interaction Terms in Nonlinear Models},
	Volume = {107},
	Year = {2010}}

@article{HanmerKalkan2013,
	Author = {Michael Hanmer and Kerem Ozan Kalkan},
	Journal = {American Journal of Political Science},
	Number = {1},
	Owner = {carlislerainey},
	Pages = {263-277},
	Timestamp = {2014.03.10},
	Title = {Behind the Curve: Clarifying the Best Approach to Calculating Predicted Probabilities and Marginal Effects from Limited Dependent Variable Models},
	Volume = {57},
	Year = {2013}}

@article{HuangShields2000,
	Author = {Chi Huang and Todd G. Shields},
	Journal = {American Politics Research},
	Number = {1},
	Owner = {carlislerainey},
	Pages = {80-95},
	Timestamp = {2014.03.10},
	Title = {Interpretation of Interaction Effects in Logit and Probit Analyses},
	Volume = {28},
	Year = {2000}}

@book{KamFranzese2007,
	Author = {Cindy D. Kam and Robert Franzese},
	Owner = {carlisle},
	Publisher = {University of Michigan Press},
	Timestamp = {2012.08.03},
	Title = {Modeling and Interpreting Interactive Hypotheses in Regression Analysis},
	Year = {2007}}

@article{KingTomzWhittenburg2000,
	Author = {Gary King and Michael Tomz and Jason Wittenberg},
	Date-Added = {2011-02-18 10:28:53 -0500},
	Date-Modified = {2011-02-18 10:30:10 -0500},
	Journal = {American Journal of Political Science},
	Pages = {341-355},
	Title = {Making the Most of Statistical Analyses: Improving Interpretation and Presentation},
	Volume = {44},
	Year = {2000}}

@article{Nagler1991,
	Author = {Jonathan Nagler},
	Journal = {American Journal of Political Science},
	Owner = {carlisle},
	Pages = {1393-1405},
	Timestamp = {2012.04.08},
	Title = {The Effect of Registration Laws and Education on U.S. Voter Turnout},
	Volume = {85},
	Year = {1991}}

@article{Nagler1994,
	Author = {Jonathan Nagler},
	Journal = {American Journal of Political Science},
	Number = {1},
	Owner = {carlislerainey},
	Pages = {230-255},
	Timestamp = {2014.03.16},
	Title = {Scobit: An Alternative Estimator to Logit and Probit},
	Volume = {38},
	Year = {1994}}

@article{NortonWangAi2004,
	Author = {Edward C. Norton and Hua Wang and Chunrong Ai},
	Journal = {The Stata Journal},
	Number = {2},
	Owner = {carlislerainey},
	Pages = {154-167},
	Timestamp = {2014.03.10},
	Title = {Computing Interaction Effects and Standard Errors in Logit and Probit Models},
	Volume = {4},
	Year = {2004}}

@book{OnealRusset2001,
	Address = {New York},
	Author = {John R. Oneal and Bruce Russet},
	Owner = {carlislerainey},
	Publisher = {W. W. Norton},
	Timestamp = {2014.03.16},
	Title = {Triangulating Peace: Democracy, Interdependence, and International Organizations},
	Year = {2001}}

@article{Ray1998,
	Author = {James Lee Ray},
	Journal = {Annual Review of Political Science},
	Number = {1},
	Owner = {carlislerainey},
	Pages = {27-46},
	Timestamp = {2014.03.16},
	Title = {Does Democracy Cause Peace?},
	Volume = {1},
	Year = {1998}}

@article{TomzWeeks2013,
	Author = {Michael R. Tomz and Jessica L. P. Weeks},
	Journal = {American Political Science Review},
	Number = {4},
	Owner = {carlislerainey},
	Pages = {849-865},
	Timestamp = {2014.03.16},
	Title = {Public Opinion and the Democratic Peace},
	Volume = {107},
	Year = {2013}}

@book{Train2009,
	Address = {New York},
	Author = {Kenneth E. Train},
	Date-Added = {2009-12-07 11:50:27 -0500},
	Date-Modified = {2009-12-07 11:51:36 -0500},
	Keywords = {methodology},
	Publisher = {Cambridge University Press},
	Title = {Discrete Choice Models with Simulation},
	Year = {2009}}

@article{TsaiGill2013,
	Author = {{Tsung-han} Tsai and Jeff Gill},
	Journal = {Social Sciences},
	Number = {2},
	Owner = {carlislerainey},
	Pages = {91-113},
	Timestamp = {2014.03.10},
	Title = {Interaction in General Linear Models: Theoretical Issues and an Application to Personal Vote Earning Attributes},
	Volume = {2},
	Year = {2013}}

@book{WolfingerRosenstone1980,
	Author = {Raymond E. Wolfinger and Steven J. Rosenstone},
	Date-Added = {2010-04-23 10:42:09 -0400},
	Date-Modified = {2010-04-23 10:43:02 -0400},
	Publisher = {Yale University Press},
	Title = {Who Votes?},
	Year = {1980}}
